<?xml version="1.0" encoding="UTF-8"?><collection xmlns="http://www.loc.gov/MARC21/slim"><record><leader>00407nam--2200145-i-4500</leader><controlfield tag="001">000030642</controlfield><controlfield tag="002">20161230</controlfield><controlfield tag="005">20170125234515</controlfield><controlfield tag="008">060222s1000------------r-----000-0-eng-d</controlfield><datafield ind1=" " ind2=" " tag="245"><subfield code="a">Literaturquellen fur die reinen und angewandten naturwissenschaften</subfield></datafield><datafield ind1=" " ind2=" " tag="260"><subfield code="a">Julich</subfield><subfield code="b">Kernforschungsanlage Julich Gmbh</subfield><subfield code="c">1972</subfield></datafield><datafield ind1=" " ind2=" " tag="300"><subfield code="a">526 p</subfield></datafield><datafield ind1=" " ind2=" " tag="490"><subfield code="a">Jul-bibl-17</subfield></datafield><datafield ind1=" " ind2=" " tag="852"><subfield code="a">016:53</subfield></datafield><datafield ind1=" " ind2=" " tag="CAT"><subfield code="a">SYS</subfield><subfield code="c">20170125</subfield><subfield code="h">234515</subfield></datafield></record></collection>